@article{卢江2024,
  author    = {卢江 and 郭子昂 and 王煜萍},
  title     = {新质生产力发展水平、区域差异与提升路径},
  journal   = {重庆大学学报(社会科学版)},
  year      = {2024},
  volume    = {30},
  number    = {03},
  pages     = {1-17},
  language  = {Chinese}
}

该文《财政分权、数字新质生产力与经济增长质量》将“数字新质生产力”细化为由数字劳动者、数字劳动资料与数字劳动对象三大要素构成, 强调其质态跃升与要素组合优化, 并结合马克思主义政治经济学的生产力与生产关系理论框架展开指标体系构建, 因而属于“以劳动者、劳动资料、劳动对象及其优化组合的质变作为新质生产力基本内涵”的第一类研究路径. \citep{陈司谨2024财政分权、数字新质生产力与经济增长质量}

bibtex
复制
编辑
@article{陈司谨2024财政分权、数字新质生产力与经济增长质量,
  author    = {陈司谨},
  title     = {财政分权、数字新质生产力与经济增长质量},
  journal   = {西南民族大学学报(人文社会科学版)},
  year      = {2024},
  number    = {8},
  pages     = {117--133},
  language  = {Chinese}
}

您说：
大运河文化带新质生产力的时...GBoost-SHAP模型_周丙锋.pdf
PDF
ChatGPT 说：
该文《大运河文化带新质生产力的时空分异特征与影响因素》构建了以科技生产力、绿色生产力和数字生产力为核心的指标体系, 聚焦新质生产力在数字化、绿色化、创新性等方面的表现特征进行测度, 体现了对新质生产力外在发展特征的关注, 因此属于“从新质生产力的表现特征来界定与测度新质生产力发展水平”的第二类研究路径. \citep{周丙锋2025大运河文化带新质生产力的时空分异特征与影响因素}

bibtex
复制
编辑
@article{周丙锋2025大运河文化带新质生产力的时空分异特征与影响因素,
  author    = {周丙锋 and 史静 and 谢新水 and 刘晟 and 曹倩倩},
  title     = {大运河文化带新质生产力的时空分异特征与影响因素——基于机器学习XGBoost-SHAP模型},
  journal   = {地域研究与开发},
  year      = {2025},
  volume    = {44},
  number    = {1},
  pages     = {14--22},
  doi       = {10.3969/j.issn.1003-2363.2025.01.003},
  language  = {Chinese}
}
您说：
黄河流域城市数字经济与新质生产力耦合研究_江泽茹.pdf
PDF
依次输出
ChatGPT 说：
该文《黄河流域城市数字经济与新质生产力耦合研究》基于“劳动者—劳动资料—劳动对象”的要素结构, 结合技术创新与经济效益维度, 构建新质生产力指标体系, 根植于马克思主义政治经济学的生产力内涵展开定量测度, 因而属于“以劳动者、劳动资料、劳动对象及其优化组合的质变作为新质生产力基本内涵”的第一类研究路径. \citep{江泽茹2024黄河流域城市数字经济与新质生产力耦合研究}

bibtex
复制
编辑
@article{江泽茹2024黄河流域城市数字经济与新质生产力耦合研究,
  author    = {江泽茹},
  title     = {黄河流域城市数字经济与新质生产力耦合研究},
  journal   = {地域研究与开发},
  year      = {2024},
  volume    = {43},
  number    = {4},
  pages     = {29--33},
  doi       = {10.3969/j.issn.1003-2363.2024.04.005},
  language  = {Chinese}
}
您说：
科技创新资源整合与新质生产力发展耦合协调研究_冉曦.pdf
PDF
科技金融发展的新质生产力生成效应与机制研究_邹克.pdf
PDF
人口老龄化、数字化转型与新质生产力发展_张苏.pdf
PDF
ChatGPT 说：
判断与输出如下：

该文采用主成分分析法构建新质生产力发展指数, 并明确从“高科技生产、高效能生产、高质量生产”三个维度展开评价指标体系, 具体包括“人才结构、资本结构、基础设施、产业协调、绿色生产、普惠发展”等指标. 三大一级维度与二级指标构成的体系体现的是技术创新、绿色化、数字化等“新质”特征, 反映了从新质生产力表现特征出发来测度其发展水平的取向. 因此属于**“从新质生产力的表现特征来界定与测度新质生产力发展水平”这一类**. 

简洁表述如下：

该文从高科技、高效能、高质量三大维度出发构建新质生产力发展指数, 采用主成分分析法测度发展水平, 属于从新质生产力的表现特征出发进行测度的研究类型 \citep{张苏2024人口老龄化、数字化转型与新质生产力发展}. 

参考文献 BibTeX 条目：

bibtex
复制
编辑
@article{张苏2024人口老龄化、数字化转型与新质生产力发展,
  author    = {张苏 and 朱媛},
  title     = {人口老龄化、数字化转型与新质生产力发展},
  journal   = {北京工商大学学报(社会科学版)},
  year      = {2024},
  volume    = {39},
  number    = {3},
  pages     = {28--39},
  doi       = {10.12085/j.issn.1009-6116.2024.03.003},
  language  = {Chinese}
}





您说：
我发给你几个文件一起, 是要求你一个一个读的, 现在重新回复上一条
ChatGPT 说：
明白了, 以下是对上一条文件的分类判断和格式化输出, 确保逐篇处理且只处理该文：

该文《人口老龄化、数字化转型与新质生产力发展》围绕“高科技生产、高效能生产、高质量生产”三类表现特征构建新质生产力的评价指标体系, 强调通过主成分分析法综合衡量各省发展水平, 指标内容涵盖绿色化、数字化、普惠性等方面, 体现出以生产力外在表现为出发点的研究范式. 因此, 该文属于从新质生产力的表现特征来界定与测度新质生产力发展水平的研究类型. 
\citep{张苏2024人口老龄化、数字化转型与新质生产力发展}

bibtex
复制
编辑
@article{张苏2024人口老龄化、数字化转型与新质生产力发展,
  author    = {张苏 and 朱媛},
  title     = {人口老龄化、数字化转型与新质生产力发展},
  journal   = {北京工商大学学报(社会科学版)},
  year      = {2024},
  volume    = {39},
  number    = {3},
  pages     = {28--39},
  doi       = {10.12085/j.issn.1009-6116.2024.03.003},
  language  = {Chinese}
}
您说：
科技金融发展的新质生产力生成效应与机制研究_邹克.pdf
PDF
ChatGPT 说：
该文《科技金融发展的新质生产力生成效应与机制研究》基于“新质劳动者、劳动资料、劳动对象及其优化组合的跃升”这一马克思主义政治经济学的三要素逻辑出发, 构建科技、绿色、数字三大维度与三类要素相结合的指标体系, 并采用耦合协调模型测度发展水平, 体现出从要素质变视角构建指标体系的范式, 因而属于**“以劳动者、劳动资料、劳动对象及其优化组合的质变作为新质生产力基本内涵”的研究路径. **
\citep{邹克2024科技金融发展的新质生产力生成效应与机制研究}

bibtex
复制
编辑
@article{邹克2024科技金融发展的新质生产力生成效应与机制研究,
  author    = {邹克 and 刘翔 and 李细枚},
  title     = {科技金融发展的新质生产力生成效应与机制研究},
  journal   = {金融经济学研究},
  year      = {2024},
  number    = {6},
  pages     = {3--51},
  language  = {Chinese}
}
您说：
科技创新资源整合与新质生产力发展耦合协调研究_冉曦.pdf
PDF
ChatGPT 说：
该文《科技创新资源整合与新质生产力发展耦合协调研究》明确以“新劳动者、新劳动资料、新劳动对象”三大实体要素与科技创新这一渗透性要素相结合为基础, 构建了四大维度的新质生产力指标体系, 并突出强调科技创新资源整合作为推动要素质变与优化组合的现实基础, 测度其对新质生产力发展的耦合协调关系, 属于以马克思主义政治经济学中劳动三要素及其优化组合的质变为基本内涵的研究路径. 
\citep{冉曦2024科技创新资源整合与新质生产力发展耦合协调研究}

bibtex
复制
编辑
@article{冉曦2024科技创新资源整合与新质生产力发展耦合协调研究,
  author    = {冉曦 and 孙上钧 and 李敬},
  title     = {科技创新资源整合与新质生产力发展耦合协调研究},
  journal   = {西南大学学报(社会科学版)},
  year      = {2024},
  volume    = {50},
  number    = {6},
  pages     = {197--217},
  doi       = {10.13718/j.cnki.xdsk.2024.06.016},
  language  = {Chinese}
}
您说：
省域新质生产力发展水平测度、时空特征及其影响因素_吉雪强.pdf
PDF
ChatGPT 说：
该文《省域新质生产力发展水平测度、时空特征及其影响因素》构建了涵盖“科技生产力、绿色生产力、数字生产力”三大维度的指标体系, 强调技术创新、绿色低碳与数字赋能等表现特征, 未从劳动者、劳动资料、劳动对象三要素出发进行系统构建, 因此属于从新质生产力的表现特征来界定与测度新质生产力发展水平的研究路径. 
\citep{吉雪强2024省域新质生产力发展水平测度、时空特征及其影响因素}

bibtex
复制
编辑
@article{吉雪强2024省域新质生产力发展水平测度、时空特征及其影响因素,
  author    = {吉雪强 and 贺志浩 and 李卓群 and 张跃松},
  title     = {省域新质生产力发展水平测度、时空特征及其影响因素},
  journal   = {经济地理},
  year      = {2024},
  volume    = {44},
  number    = {11},
  pages     = {104--112},
  doi       = {10.15957/j.cnki.jjdl.2024.11.011},
  language  = {Chinese}
}
您说：
数据要素赋能新质生产力的理...于马克思劳动过程理论的分析_李弦.pdf
PDF
ChatGPT 说：
该文《数据要素赋能新质生产力的理论逻辑与实践进路——基于马克思劳动过程理论的分析》明确以马克思劳动过程理论为基础, 从劳动者、劳动资料、劳动对象及其优化组合四要素出发, 系统分析数据要素如何赋能各类要素的跃升与组合创新, 提出新质生产力构成了“生产力4.0阶段”. 因此, 该文属于以劳动者、劳动资料、劳动对象及其优化组合的质变作为新质生产力基本内涵的研究路径. 
\citep{李弦2024数据要素赋能新质生产力的理论逻辑与实践进路}

bibtex
复制
编辑
@article{李弦2024数据要素赋能新质生产力的理论逻辑与实践进路,
  author    = {李弦},
  title     = {数据要素赋能新质生产力的理论逻辑与实践进路——基于马克思劳动过程理论的分析},
  journal   = {上海经济研究},
  year      = {2024},
  number    = {5},
  pages     = {52--63},
  doi       = {10.19626/j.cnki.cn31-1163/f.2024.05.002},
  language  = {Chinese}
}
您说：
数实融合对新质生产力的影响研究_程赛楠.pdf
PDF
ChatGPT 说：
该文《数实融合对新质生产力的影响研究》在构建新质生产力评价指标体系时, 明确从“新劳动者、新劳动对象、新劳动资料、培育环境”四个维度展开, 强调创新环境、绿色环境、数字环境的营造以及劳动要素、生产要素的高质量跃升, 并采用“劳动者—劳动资料—劳动对象”三要素测度方式进行稳健性检验, 根植于马克思主义政治经济学生产力结构理论. 因此, 该文属于以劳动者、劳动资料、劳动对象及其优化组合的质变作为新质生产力基本内涵的研究路径. 
\citep{程赛楠2024数实融合对新质生产力的影响研究}

bibtex
复制
编辑
@article{程赛楠2024数实融合对新质生产力的影响研究,
  author    = {程赛楠 and 冯珍},
  title     = {数实融合对新质生产力的影响研究},
  journal   = {北京理工大学学报(社会科学版)},
  year      = {2024},
  volume    = {26},
  number    = {6},
  pages     = {15--27},
  doi       = {10.15918/j.jbitss1009-3370.2024.1491},
  language  = {Chinese}
}
您说：
数智时代新质生产力赋能数据...践梗阻、理论逻辑与制度进路_孟庆涛.pdf
PDF
ChatGPT 说：
该文《数智时代新质生产力赋能数据交易估值：实践梗阻、理论逻辑与制度进路》虽然聚焦新质生产力在数据交易估值中的制度价值, 但在理论构建上多次引用“新质生产力以劳动者、劳动资料、劳动对象及其优化组合的跃升为基本内涵”, 并明确其对生产关系的重构作用, 因此属于以劳动者、劳动资料、劳动对象及其优化组合的质变作为新质生产力基本内涵的研究路径. 
\citep{孟庆涛2025数智时代新质生产力赋能数据交易估值}

bibtex
复制
编辑
@article{孟庆涛2025数智时代新质生产力赋能数据交易估值,
  author    = {孟庆涛 and 胡旭},
  title     = {数智时代新质生产力赋能数据交易估值：实践梗阻、理论逻辑与制度进路},
  journal   = {河南社会科学},
  year      = {2025},
  volume    = {33},
  number    = {3},
  pages     = {39--49},
  language  = {Chinese}
}
您说：
数字金融发展对区域新质生产力的影响及作用机制_朱波-1.pdf
PDF
ChatGPT 说：
该文《数字金融发展对区域新质生产力的影响及作用机制》在构建指标体系时明确以“劳动者—劳动资料—劳动对象”的三要素逻辑为出发点, 结合科技、数字与绿色三类生产力维度进行要素归类, 并强调三要素的结构优化与技术驱动的质变, 因此属于以劳动者、劳动资料、劳动对象及其优化组合的质变作为新质生产力基本内涵的研究路径. 
\citep{朱波2024数字金融发展对区域新质生产力的影响及作用机制}

bibtex
复制
编辑
@article{朱波2024数字金融发展对区域新质生产力的影响及作用机制,
  author    = {朱波 and 曾丽丹},
  title     = {数字金融发展对区域新质生产力的影响及作用机制},
  journal   = {财经科学},
  year      = {2024},
  number    = {8},
  pages     = {16--30},
  language  = {Chinese}
}
您说：
数字经济赋能新质生产力发展的内在机理与提升路径研究_余卫.pdf
PDF
ChatGPT 说：
该文《数字经济赋能新质生产力发展的内在机理与提升路径研究》以马克思主义生产力理论为指导, 从“新质劳动者、新质劳动资料、新质劳动对象”三个维度构建评价指标体系, 强调三类要素的数智化跃升与优化组合, 构成文章分析逻辑与指标构建的核心基础, 因而属于以劳动者、劳动资料、劳动对象及其优化组合的质变作为新质生产力基本内涵的研究路径. 
\citep{余卫2024数字经济赋能新质生产力发展的内在机理与提升路径研究}

bibtex
复制
编辑
@article{余卫2024数字经济赋能新质生产力发展的内在机理与提升路径研究,
  author    = {余卫 and 赵皖渝 and 赵彤彤},
  title     = {数字经济赋能新质生产力发展的内在机理与提升路径研究},
  journal   = {重庆大学学报(社会科学版)},
  year      = {2024},
  note      = {网络首发},
  doi       = {10.11835/j.issn.1008-5831.jg.2024.12.002},
  url       = {https://link.cnki.net/urlid/50.1023.C.20241226.1054.004},
  language  = {Chinese}
}
您说：
我国省域高等教育与新质生产力的耦合协调研究_王森森.pdf
PDF
ChatGPT 说：
该文《我国省域高等教育与新质生产力的耦合协调研究》在新质生产力指标体系构建上, 参考现有文献, 选取科技生产力、数字生产力、智能生产力与绿色生产力四个维度, 聚焦于新质生产力的技术性、绿色化、数智化等表现特征, 并未从“劳动者—劳动资料—劳动对象”三要素的结构性视角出发进行测度构建. 因此, 属于从新质生产力的表现特征来界定与测度新质生产力发展水平的研究路径. 
\citep{王森森2025我国省域高等教育与新质生产力的耦合协调研究}

bibtex
复制
编辑
@article{王森森2025我国省域高等教育与新质生产力的耦合协调研究,
  author    = {王森森 and 杨军},
  title     = {我国省域高等教育与新质生产力的耦合协调研究},
  journal   = {重庆高教研究},
  year      = {2025},
  volume    = {13},
  number    = {2},
  pages     = {80--93},
  doi       = {10.15998/j.cnki.issn1673-8012.2025.02.009},
  language  = {Chinese}
}
您说：
我国新质生产力发展的理论基础、时空特征及分异机理_杨智晨.pdf
PDF
继续
ChatGPT 说：
该文《我国新质生产力发展的理论基础、时空特征及分异机理》明确从“劳动者、劳动对象、劳动资料”三大基本要素出发构建新质生产力综合评价指标体系, 强调要素的跃升和结构优化, 并采用 CRITIC-熵权法测度各省发展水平, 根植于马克思主义生产力结构理论, 因而属于以劳动者、劳动资料、劳动对象及其优化组合的质变作为新质生产力基本内涵的研究路径. 
\citep{杨智晨2025我国新质生产力发展的理论基础、时空特征及分异机理}

bibtex
复制
编辑
@article{杨智晨2025我国新质生产力发展的理论基础、时空特征及分异机理,
  author    = {杨智晨 and 涂先青 and 王方方},
  title     = {我国新质生产力发展的理论基础、时空特征及分异机理},
  journal   = {经济问题探索},
  year      = {2025},
  number    = {1},
  pages     = {50--66},
  language  = {Chinese}
}
您说：
新型工业化与新质生产力耦合...布特征、空间差异及演进预测_徐君.pdf
PDF
ChatGPT 说：
该文《新型工业化与新质生产力耦合协调度：分布特征、空间差异及演进预测》在新质生产力指标体系构建中, 明确参照了王珏等关于“劳动者、劳动资料、劳动对象”三要素的构建路径, 并进一步从“技术创新、生产要素、产业转型”三个维度展开, 体现出以马克思主义政治经济学三要素理论为基础的构建思路. 因此, 属于以劳动者、劳动资料、劳动对象及其优化组合的质变作为新质生产力基本内涵的研究路径. 
\citep{徐君2025新型工业化与新质生产力耦合协调度}

bibtex
复制
编辑
@article{徐君2025新型工业化与新质生产力耦合协调度,
  author    = {徐君 and 陈圣武 and 朱微笑},
  title     = {新型工业化与新质生产力耦合协调度：分布特征、空间差异及演进预测},
  journal   = {科学学与科学技术管理},
  year      = {2025},
  note      = {网络首发},
  doi       = {10.20201/j.cnki.ssstm.20250113.001},
  url       = {https://doi.org/10.20201/j.cnki.ssstm.20250113.001},
  language  = {Chinese}
}
您说：
新质生产力：指标构建与时空演进_王珏-1.pdf
PDF
ChatGPT 说：
该文《新质生产力：指标构建与时空演进》明确以马克思主义生产力理论为根基, 从“劳动者、劳动对象、生产资料”三大基本构成要素出发, 系统构建新质生产力综合评价指标体系, 并采用熵值法进行省域测度分析, 因此属于以劳动者、劳动资料、劳动对象及其优化组合的质变作为新质生产力基本内涵的研究路径. 
\citep{王珏2024新质生产力：指标构建与时空演进}

bibtex
复制
编辑
@article{王珏2024新质生产力：指标构建与时空演进,
  author    = {王珏 and 王荣基},
  title     = {新质生产力：指标构建与时空演进},
  journal   = {西安财经大学学报},
  year      = {2024},
  volume    = {37},
  number    = {1},
  pages     = {31--47},
  doi       = {10.19331/j.cnki.jxufe.20231124.001},
  language  = {Chinese}
}
您说：
新质生产力测度：理论依据、指标体系与应用研究_郭春娜.pdf
PDF
ChatGPT 说：
该文《新质生产力测度：理论依据、指标体系与应用研究》系统阐述了新质生产力的理论内涵, 明确指出其以“劳动者、劳动资料、劳动对象及其优化组合的跃升”为基本内涵, 构建指标体系覆盖潜在生产力与现实生产能力, 并以此为基础区分传统生产力与新质生产力, 属于以劳动者、劳动资料、劳动对象及其优化组合的质变作为新质生产力基本内涵的研究路径. 
\citep{郭春娜2024新质生产力测度：理论依据、指标体系与应用研究}

bibtex
复制
编辑
@article{郭春娜2024新质生产力测度：理论依据、指标体系与应用研究,
  author    = {郭春娜 and 于法稳 and 孙咏},
  title     = {新质生产力测度：理论依据、指标体系与应用研究},
  journal   = {江西社会科学},
  year      = {2024},
  number    = {11},
  pages     = {38--49},
  language  = {Chinese}
}
您说：
新质生产力的科学内涵、要素...基于生产力与生产关系的视角_李勇坚.pdf
PDF
ChatGPT 说：
该文《新质生产力的科学内涵、要素基础与测度研究——基于生产力与生产关系的视角》从马克思主义政治经济学出发, 强调劳动者、劳动资料、劳动对象三要素在科技革命中的跃升, 并进一步引入新型要素组合模式与新型生产关系作为测度维度, 系统构建了“要素—组合—关系”三层评价框架. 因此, 该文属于以劳动者、劳动资料、劳动对象及其优化组合的质变作为新质生产力基本内涵的研究路径. 
\citep{李勇坚2025新质生产力的科学内涵、要素基础与测度研究}

bibtex
复制
编辑
@article{李勇坚2025新质生产力的科学内涵、要素基础与测度研究,
  author    = {李勇坚 and 张海汝},
  title     = {新质生产力的科学内涵、要素基础与测度研究——基于生产力与生产关系的视角},
  journal   = {学习与探索},
  year      = {2025},
  number    = {1},
  pages     = {69--79},
  doi       = {10.20231/j.cnki.xxyts.2025.01.008},
  language  = {Chinese}
}
您说：
新质生产力的理论意蕴、统计测度与时空分异特征_龚宇润.pdf
PDF
ChatGPT 说：
该文《新质生产力的理论意蕴、统计测度与时空分异特征》从马克思主义政治经济学出发, 明确将“高素质劳动者”与“新质料生产资料”作为新质生产力的基础维度, 强调劳动者与生产资料及其优化组合的跃迁是实现全要素生产率提升的关键, 并构建了相应的测度指标体系, 因而属于以劳动者、劳动资料、劳动对象及其优化组合的质变作为新质生产力基本内涵的研究路径. 
\citep{龚宇润2024新质生产力的理论意蕴、统计测度与时空分异特征}

bibtex
复制
编辑
@article{龚宇润2024新质生产力的理论意蕴、统计测度与时空分异特征,
  author    = {龚宇润 and 刘宏伟},
  title     = {新质生产力的理论意蕴、统计测度与时空分异特征},
  journal   = {湖北民族大学学报(哲学社会科学版)},
  year      = {2024},
  number    = {4},
  pages     = {96--107},
  doi       = {10.13501/j.cnki.42-1328/c.20240709.001},
  language  = {Chinese}
}
您说：
新质生产力的统计测度与区域差异分析_黄华一.pdf
PDF
ChatGPT 说：
该文《新质生产力的统计测度与区域差异分析》从“科技创新涌现—要素渗透融合—产业链扩链延链强链—新型生产关系重构”四个环节构建评价指标体系, 强调过程性逻辑与环节协同推进, 未以劳动者、劳动资料、劳动对象三要素为基础出发点, 整体上体现了对新质生产力形成过程和表现特征的关注. 因此, 属于从新质生产力的表现特征来界定与测度新质生产力发展水平的研究路径. 
\citep{黄华一2025新质生产力的统计测度与区域差异分析}

bibtex
复制
编辑
@article{黄华一2025新质生产力的统计测度与区域差异分析,
  author    = {黄华一 and 张志兵},
  title     = {新质生产力的统计测度与区域差异分析},
  journal   = {统计与决策},
  year      = {2025},
  number    = {1},
  pages     = {28--33},
  doi       = {10.13546/j.cnki.tjyjc.2025.01.005},
  language  = {Chinese}
}
您说：
新质生产力的原创价值、统计测度与培育方向_张龙.pdf
PDF
ChatGPT 说：
该文《新质生产力的原创价值、统计测度与培育方向》在构建新质生产力测度指标体系时, 并未从“劳动者—劳动资料—劳动对象”三要素结构出发, 而是依据“科技创新、产业升级、教育水平、数字化发展、绿色化发展”五个维度来体现“新”与“质”的外显特征, 强调新质生产力的概念特性和宏观表现. 因此, 该文属于从新质生产力的表现特征来界定与测度新质生产力发展水平的研究路径. 
\citep{张龙2024新质生产力的原创价值、统计测度与培育方向}

bibtex
复制
编辑
@article{张龙2024新质生产力的原创价值、统计测度与培育方向,
  author    = {张龙 and 申瑛琦 and 张伟琦},
  title     = {新质生产力的原创价值、统计测度与培育方向},
  journal   = {暨南学报(哲学社会科学版)},
  year      = {2024},
  number    = {11},
  pages     = {126--144},
  doi       = {10.11778/j.jnxb.20240975},
  language  = {Chinese}
}
您说：
新质生产力对产业布局的影响与区域锁定_王娟娟.pdf
PDF
ChatGPT 说：
该文《新质生产力对产业布局的影响与区域锁定》在构建指标体系时, 未从“劳动者—劳动资料—劳动对象”三要素出发, 而是依据传统产业、战略性新兴产业、未来产业三类产业维度, 结合各类产业的发展实力、技术改造、培育潜力和前沿布局来衡量新质生产力的分布特征, 强调其在现代化产业体系中的表现与空间集聚趋势, 因而属于从新质生产力的表现特征来界定与测度新质生产力发展水平的研究路径. 
\citep{王娟娟2024新质生产力对产业布局的影响与区域锁定}

bibtex
复制
编辑
@article{王娟娟2024新质生产力对产业布局的影响与区域锁定,
  author    = {王娟娟},
  title     = {新质生产力对产业布局的影响与区域锁定},
  journal   = {贵州师范大学学报(社会科学版)},
  year      = {2024},
  number    = {4},
  pages     = {32--44},
  doi       = {10.16614/j.gznuj.skb.2024.04.004},
  language  = {Chinese}
}
您说：
新质生产力对城市产业链韧性的影响研究_马丹.pdf
PDF
ChatGPT 说：
该文《新质生产力对城市产业链韧性的影响研究》在构建新质生产力指标体系时, 明确以“新质劳动者、新质劳动资料、新质劳动对象”为三大基本构成要素, 围绕其信息化、智能化、绿色化特征设置评价指标, 体现出基于马克思主义政治经济学中生产力三要素及其优化组合的质变为核心的理论出发点, 因此属于以劳动者、劳动资料、劳动对象及其优化组合的质变作为新质生产力基本内涵的研究路径. 
\citep{马丹2025新质生产力对城市产业链韧性的影响研究}

bibtex
复制
编辑
@article{马丹2025新质生产力对城市产业链韧性的影响研究,
  author    = {马丹 and 陈思年 and 雷乐瑶 and 贺泽凯},
  title     = {新质生产力对城市产业链韧性的影响研究},
  journal   = {统计与信息论坛},
  year      = {2025},
  volume    = {40},
  number    = {2},
  pages     = {19--35},
  doi       = {10.20207/j.cnki.1007-3116.20250210.001},
  language  = {Chinese}
}
您说：
新质生产力对资源配置效率的影响效应研究_徐波.pdf
PDF
ChatGPT 说：
该文《新质生产力对资源配置效率的影响效应研究》从“新质劳动者、新质劳动资料、新质劳动对象”三个基本构成要素出发构建指标体系, 明确指出新质生产力是在“劳动者、资料、对象”三要素跃升与优化组合基础上的发展形式, 并结合 CRITIC-熵权法进行测度, 因此属于以劳动者、劳动资料、劳动对象及其优化组合的质变作为新质生产力基本内涵的研究路径. 
\citep{徐波2024新质生产力对资源配置效率的影响效应研究}

bibtex
复制
编辑
@article{徐波2024新质生产力对资源配置效率的影响效应研究,
  author    = {徐波 and 王兆萍 and 余乐山 and 刘柯},
  title     = {新质生产力对资源配置效率的影响效应研究},
  journal   = {产业经济评论},
  year      = {2024},
  number    = {4},
  pages     = {35--49},
  doi       = {10.19313/j.cnki.cn10-1223/f.20240417.001},
  language  = {Chinese}
}
您说：
新质生产力发展评价指标体系构建_蒋永穆.pdf
PDF
ChatGPT 说：
该文《新质生产力发展评价指标体系构建》以习近平总书记提出的新质生产力概念为核心依据, 系统梳理其“以劳动者、劳动资料、劳动对象及其优化组合的跃升”为基本内涵, 明确指出评价指标体系构建必须体现三要素的创新性跃升, 并将其作为六大本质要求之一贯穿于体系设计全过程. 因此, 该文属于以劳动者、劳动资料、劳动对象及其优化组合的质变作为新质生产力基本内涵的研究路径. 
\citep{蒋永穆2024新质生产力发展评价指标体系构建}

bibtex
复制
编辑
@article{蒋永穆2024新质生产力发展评价指标体系构建,
  author    = {蒋永穆 and 乔张媛},
  title     = {新质生产力发展评价指标体系构建},
  journal   = {经济体制改革},
  year      = {2024},
  number    = {3},
  pages     = {5--15},
  language  = {Chinese}
}
您说：
新质生产力发展潜力测度、时空差异及战略着力点研究_冉戎-2.pdf
PDF
ChatGPT 说：
该文《新质生产力发展潜力测度、时空差异及战略着力点研究》基于马克思主义政治经济学的理论视角, 明确以“劳动者、劳动对象、生产资料”三要素为基础, 从劳动者素质、劳动生产率、产业新形态、市场环境、创新发展和绿色发展六个维度系统构建测度指标体系, 全面反映三要素的结构跃升与协同优化, 因此属于以劳动者、劳动资料、劳动对象及其优化组合的质变作为新质生产力基本内涵的研究路径. 
\citep{冉戎2024新质生产力发展潜力测度、时空差异及战略着力点研究}

bibtex
复制
编辑
@article{冉戎2024新质生产力发展潜力测度、时空差异及战略着力点研究,
  author    = {冉戎 and 花磊 and 陈烨靖 and 夏艺嘉},
  title     = {新质生产力发展潜力测度、时空差异及战略着力点研究},
  journal   = {重庆大学学报(社会科学版)},
  year      = {2024},
  note      = {网络首发},
  doi       = {10.11835/j.issn.1008-5831.jg.2024.10.002},
  url       = {https://link.cnki.net/urlid/50.1023.C.20241030.1300.006},
  language  = {Chinese}
}
您说：
新质生产力发展水平、空间差异及动态演进_张海.pdf
PDF
继续
ChatGPT 说：
该文《新质生产力发展水平、空间差异及动态演进》从“高科技、高效能、高质量”三个外在表现特征出发构建了新质生产力测度指标体系, 包含3个一级指标、9个二级指标和32个三级指标, 未采用劳动者、劳动资料、劳动对象等马克思主义三要素理论作为指标体系基础, 整体以新质生产力的技术性、能效性和绿色性等特征为核心内容, 因此属于从新质生产力的表现特征来界定与测度新质生产力发展水平的研究路径. 
\citep{张海2024新质生产力发展水平、空间差异及动态演进}

bibtex
复制
编辑
@article{张海2024新质生产力发展水平、空间差异及动态演进,
  author    = {张海 and 王震 and 李秉远},
  title     = {新质生产力发展水平、空间差异及动态演进},
  journal   = {统计与决策},
  year      = {2024},
  number    = {24},
  pages     = {11--26},
  doi       = {10.13546/j.cnki.tjyjc.2024.24.002},
  language  = {Chinese}
}
您说：
新质生产力发展水平测度、动态演进与时空收敛特征_王宁-1.pdf
PDF
ChatGPT 说：
该文《新质生产力发展水平测度、动态演进与时空收敛特征》在指标体系构建中以“科技创新、产业升级、绿色生态、融合共享”四个维度为一级指标, 强调高科技、高效能、高质量等外在表现特征, 并未以“劳动者—劳动资料—劳动对象”三要素为出发点, 侧重于反映新质生产力的现代技术、结构性变迁与产业属性, 因此属于从新质生产力的表现特征来界定与测度新质生产力发展水平的研究路径. 
\citep{王宁2024新质生产力发展水平测度、动态演进与时空收敛特征}

bibtex
复制
编辑
@article{王宁2024新质生产力发展水平测度、动态演进与时空收敛特征,
  author    = {王宁 and 刘宏伟 and 龚宇润},
  title     = {新质生产力发展水平测度、动态演进与时空收敛特征},
  journal   = {统计与决策},
  year      = {2024},
  number    = {18},
  pages     = {103--108},
  doi       = {10.13546/j.cnki.tjyjc.2024.18.018},
  language  = {Chinese}
}
您说：
新质生产力发展水平测度：指标与数据_赵建吉.pdf
PDF
ChatGPT 说：
该文《新质生产力发展水平测度：指标与数据》以马克思主义政治经济学为理论依据, 明确提出新质生产力是由“劳动者、劳动资料、劳动对象及其优化组合的跃升”所构成, 构建指标体系时严格按照“科技创新驱动—新质生产要素—新型生产关系”三维结构展开, 重点体现了三要素的质态跃升与结构优化, 因而属于以劳动者、劳动资料、劳动对象及其优化组合的质变作为新质生产力基本内涵的研究路径. 
\citep{赵建吉2024新质生产力发展水平测度：指标与数据}

bibtex
复制
编辑
@article{赵建吉2024新质生产力发展水平测度：指标与数据,
  author    = {赵建吉 and 闫明涛 and 王艳华},
  title     = {新质生产力发展水平测度：指标与数据},
  journal   = {河南大学学报(社会科学版)},
  year      = {2024},
  volume    = {64},
  number    = {6},
  pages     = {7--13},
  doi       = {10.15991/j.cnki.411028.2024.06.017},
  language  = {Chinese}
}
您说：
新质生产力发展水平动态演进、影响因素及提升路径_刘源.pdf
PDF
继续
ChatGPT 说：
该文《新质生产力发展水平动态演进、影响因素及提升路径》在构建测度指标体系时, 明确从“新质劳动者、新质劳动资料、新质劳动对象”三大要素出发, 依据马克思主义政治经济学关于劳动者、劳动资料和劳动对象的基本结构理论, 结合新时代发展特征设定一级与二级指标, 并提出以三要素的跃升和协同优化为新质生产力内涵, 因此属于以劳动者、劳动资料、劳动对象及其优化组合的质变作为新质生产力基本内涵的研究路径. 
\citep{刘源2025新质生产力发展水平动态演进、影响因素及提升路径}

bibtex
复制
编辑
@article{刘源2025新质生产力发展水平动态演进、影响因素及提升路径,
  author    = {刘源 and 段丁允 and 冯宗宪 and 张军},
  title     = {新质生产力发展水平动态演进、影响因素及提升路径},
  journal   = {科技进步与对策},
  year      = {2025},
  number    = {1},
  pages     = {1--21},
  doi       = {10.6049/kjjbydc.Q202407068B},
  language  = {Chinese}
}
您说：
新质生产力发展水平评估与时...潜力—实现水平”的三维测算_王方方.pdf
PDF
ChatGPT 说：
该文《新质生产力发展水平评估与时空格局分析——基于“先进性—发展潜力—实现水平”的三维测算》明确提出以“劳动者、劳动资料、劳动对象及其优化组合的跃升”为核心理论依据, 构建指标体系时首先分别测度三要素先进性并计算耦合协调度, 进而整合入“先进性”维度进行综合评价, 充分体现了马克思主义政治经济学关于生产力三要素及其优化组合的基本内涵, 因此属于以劳动者、劳动资料、劳动对象及其优化组合的质变作为新质生产力基本内涵的研究路径. 
\citep{王方方2024新质生产力发展水平评估与时空格局分析}

bibtex
复制
编辑
@article{王方方2024新质生产力发展水平评估与时空格局分析,
  author    = {王方方 and 涂先青 and 杨智晨 and 胡星楠},
  title     = {新质生产力发展水平评估与时空格局分析——基于“先进性—发展潜力—实现水平”的三维测算},
  journal   = {西部论坛},
  year      = {2024},
  volume    = {34},
  number    = {4},
  pages     = {1--16},
  doi       = {10.3969/j.issn.1674-8131.2024.04.001},
  language  = {Chinese}
}
您说：
新质生产力评价指标体系构建...于“投入-过程-产出”视角_陈钰芬.pdf
PDF
ChatGPT 说：
该文《新质生产力评价指标体系构建及测度分析——基于“投入－过程－产出”视角》未采用“劳动者—劳动资料—劳动对象”的三要素结构作为理论基础进行指标划分, 而是基于生产过程逻辑, 将新质生产力划分为“投入质量—生产活力—产出效能”三大维度, 从形成过程的环节视角设置指标, 聚焦产出效率与科技创新等外在表现, 因此属于从新质生产力的表现特征来界定与测度新质生产力发展水平的研究路径. 
\citep{陈钰芬2025新质生产力评价指标体系构建及测度分析}

bibtex
复制
编辑
@article{陈钰芬2025新质生产力评价指标体系构建及测度分析,
  author    = {陈钰芬 and 杨双双 and 胡思慧},
  title     = {新质生产力评价指标体系构建及测度分析——基于“投入－过程－产出”视角},
  journal   = {科研管理},
  year      = {2025},
  volume    = {46},
  number    = {2},
  pages     = {1--11},
  doi       = {10.19571/j.cnki.1000-2995.2025.02.001},
  language  = {Chinese}
}
您说：
新质生产力水平测算与中国经济增长新动能_韩文龙-2.pdf
PDF
ChatGPT 说：
该文《新质生产力水平测算与中国经济增长新动能》明确指出新质生产力“以劳动者、劳动资料、劳动对象及其优化组合的跃升”为基本内涵, 系统构建了基于“实体性要素+渗透性要素”的指标体系, 其中实体性要素涵盖新劳动者、新劳动资料、新劳动对象, 强调三要素的质态提升与协同优化, 因此属于以劳动者、劳动资料、劳动对象及其优化组合的质变作为新质生产力基本内涵的研究路径. 
\citep{韩文龙2024新质生产力水平测算与中国经济增长新动能}

bibtex
复制
编辑
@article{韩文龙2024新质生产力水平测算与中国经济增长新动能,
  author    = {韩文龙 and 张瑞生 and 赵峰},
  title     = {新质生产力水平测算与中国经济增长新动能},
  journal   = {数量经济技术经济研究},
  year      = {2024},
  number    = {6},
  pages     = {5--29},
  doi       = {10.13653/j.cnki.jqte.20240418.001},
  language  = {Chinese}
}
您说：
新质生产力统计内涵、指标体系与应用研究_龚日朝.pdf
PDF
ChatGPT 说：
该文《新质生产力统计内涵、指标体系与应用研究》从统计学视角出发, 系统阐述了新质生产力的理论内涵与构成逻辑, 明确指出其由“劳动者、劳动资料、劳动对象及其优化组合的跃升”所构成, 评价指标体系严格按照三要素进行设置, 并采用熵权-综合评价、TOPSIS与VIKOR模型进行测度, 体现出以马克思主义生产力三要素理论为基础的路径, 因此属于以劳动者、劳动资料、劳动对象及其优化组合的质变作为新质生产力基本内涵的研究路径. 
\citep{龚日朝2024新质生产力统计内涵、指标体系与应用研究}

bibtex
复制
编辑
@article{龚日朝2024新质生产力统计内涵、指标体系与应用研究,
  author    = {龚日朝},
  title     = {新质生产力统计内涵、指标体系与应用研究},
  journal   = {湖南科技大学学报(社会科学版)},
  year      = {2024},
  volume    = {27},
  number    = {3},
  pages     = {84--98},
  doi       = {10.13582/j.cnki.1672-7835.2024.03.011},
  language  = {Chinese}
}
您说：
新质生产力指标体系构建研究_曹东勃.pdf
PDF
ChatGPT 说：
该文《新质生产力指标体系构建研究》明确指出新质生产力由“劳动者、劳动资料、劳动对象”三大实体性要素及科技、教育、管理三大渗透性要素共同构成, 指标体系构建紧紧围绕三要素的跃升与优化组合进行设计, 并在理论逻辑中反复引用马克思主义生产力基本框架, 因此属于以劳动者、劳动资料、劳动对象及其优化组合的质变作为新质生产力基本内涵的研究路径. 
\citep{曹东勃2024新质生产力指标体系构建研究}

bibtex
复制
编辑
@article{曹东勃2024新质生产力指标体系构建研究,
  author    = {曹东勃 and 蔡煜},
  title     = {新质生产力指标体系构建研究},
  journal   = {上海财经大学学报},
  year      = {2024},
  number    = {4},
  pages     = {50--62},
  language  = {Chinese}
}
您说：
要素创新、产业数字化与区域...—基于新质生产力视角的研究_王娟娟.pdf
PDF
ChatGPT 说：
该文《要素创新、产业数字化与区域协调发展——基于新质生产力视角的研究》在研究设计和实证分析中, 采用“要素创新”作为新质生产力的重要代表变量, 构建测度体系时未直接采用“劳动者—劳动资料—劳动对象”的三要素划分逻辑, 而是以劳动、资本、科技三类要素创新维度为核心, 同时从生产过程的逻辑出发, 侧重于新质生产力的表现特征及其对区域协调发展的传导机制, 因此属于从新质生产力的表现特征来界定与测度新质生产力发展水平的研究路径. 
\citep{王娟娟2025要素创新、产业数字化与区域协调发展}

bibtex
复制
编辑
@article{王娟娟2025要素创新、产业数字化与区域协调发展,
  author    = {王娟娟 and 徐萍桧},
  title     = {要素创新、产业数字化与区域协调发展——基于新质生产力视角的研究},
  journal   = {重庆大学学报(社会科学版)},
  year      = {2025},
  note      = {网络首发},
  doi       = {10.11835/j.issn.1008-5831.jg.2025.03.003},
  url       = {https://link.cnki.net/urlid/50.1023.C.20250319.1046.002},
  language  = {Chinese}
}
您说：
因地制宜发展新质生产力：区...响因素——基于生产关系视角_盖凯程.pdf
PDF
ChatGPT 说：
该文《因地制宜发展新质生产力：区域差异、动态演变与影响因素——基于生产关系视角》在新质生产力指标体系构建上, 明确以“新质劳动者、新质劳动资料、新质劳动对象”三要素为核心, 强调三要素的质态跃升与优化组合, 并系统分析其对绿色效率、创新效率、劳动效率的支撑作用, 构建以三要素为基础的“新”与“质”双维度评价框架, 因此属于以劳动者、劳动资料、劳动对象及其优化组合的质变作为新质生产力基本内涵的研究路径. 
\citep{盖凯程2025因地制宜发展新质生产力}

bibtex
复制
编辑
@article{盖凯程2025因地制宜发展新质生产力,
  author    = {盖凯程 and 晏晨景 and 刘璐},
  title     = {因地制宜发展新质生产力：区域差异、动态演变与影响因素——基于生产关系视角},
  journal   = {当代经济科学},
  year      = {2025},
  note      = {网络首发},
  url       = {https://link.cnki.net/urlid/61.1400.f.20250318.1637.002},
  language  = {Chinese}
}
您说：
长江经济带新质生产力发展水...——基于粗糙集与未确知模型_王韶华.pdf
PDF
ChatGPT 说：
该文《长江经济带新质生产力发展水平的地区差异与时空演进——基于粗糙集与未确知模型》明确从系统论视角出发, 构建了以“新型劳动者、新兴劳动对象、新锐劳动资料”三要素为基础的“要素—结构—功能”三维指标体系, 并以三类要素的结构承载与功能转化为核心展开测度与分析, 强调新质生产力内在构成要素的跃升与组合优化, 因此属于以劳动者、劳动资料、劳动对象及其优化组合的质变作为新质生产力基本内涵的研究路径. 
\citep{王韶华2025长江经济带新质生产力发展水平的地区差异与时空演进}

bibtex
复制
编辑
@article{王韶华2025长江经济带新质生产力发展水平的地区差异与时空演进,
  author    = {王韶华 and 张学娇 and 张伟},
  title     = {长江经济带新质生产力发展水平的地区差异与时空演进——基于粗糙集与未确知模型},
  journal   = {华东经济管理},
  year      = {2025},
  volume    = {39},
  number    = {3},
  pages     = {11--22},
  language  = {Chinese}
}
您说：
长江经济带新质生产力空间关联网络结构特征及效应分析_叶阿忠.pdf
PDF
ChatGPT 说：
该文《长江经济带新质生产力空间关联网络结构特征及效应分析》在构建指标体系时, 明确以马克思主义政治经济学为基础, 提出新质生产力由“物质生产力、精神生产力、生态生产力和社会生产力”四大维度构成, 并将其与“科技、文化、绿色、治理”等三级指标相匹配, 体现了“劳动者—劳动资料—劳动对象”三要素跃升的结构性逻辑与系统组合方式, 因此属于以劳动者、劳动资料、劳动对象及其优化组合的质变作为新质生产力基本内涵的研究路径. 
\citep{叶阿忠2025长江经济带新质生产力空间关联网络结构特征及效应分析}

bibtex
复制
编辑
@article{叶阿忠2025长江经济带新质生产力空间关联网络结构特征及效应分析,
  author    = {叶阿忠 and 田小梅 and 李田田 and 张源野},
  title     = {长江经济带新质生产力空间关联网络结构特征及效应分析},
  journal   = {华东经济管理},
  year      = {2025},
  volume    = {39},
  number    = {4},
  pages     = {21--32},
  doi       = {10.19629/j.cnki.34-1014/f.240909028},
  language  = {Chinese}
}
您说：
长三角城市群新质生产力时空格局演变及障碍因素_韩军辉.pdf
PDF
ChatGPT 说：
该文《长三角城市群新质生产力时空格局演变及障碍因素》在构建指标体系时, 依据“人才—创新—产业—绿色”四大维度设置一级指标, 强调人才储备、科技成果转化、未来产业支撑与生态可持续目标等方面的表现特征, 未从“劳动者—劳动资料—劳动对象”的三要素结构出发进行分类, 因此属于从新质生产力的表现特征来界定与测度新质生产力发展水平的研究路径. 
\citep{韩军辉2024长三角城市群新质生产力时空格局演变及障碍因素}

bibtex
复制
编辑
@article{韩军辉2024长三角城市群新质生产力时空格局演变及障碍因素,
  author    = {韩军辉 and 付华健 and 蒋兵},
  title     = {长三角城市群新质生产力时空格局演变及障碍因素},
  journal   = {调研世界},
  year      = {2024},
  number    = {12},
  pages     = {44--59},
  doi       = {10.13778/j.cnki.11-3705/c.2024.12.004},
  language  = {Chinese}
}
您说：
长三角新质生产力时空演变及障碍因子识别_苗成林.pdf
PDF
ChatGPT 说：
该文《长三角新质生产力时空演变及障碍因子识别》明确以马克思主义生产力三要素理论为基础, 构建了覆盖“劳动者、劳动对象、劳动资料”三要素的系统指标体系, 系统层中设置人力资本结构、新质产业、绿色发展、物质与无形生产资料等内容, 并在理论部分强调三要素跃升对新质生产力形成的核心作用, 因此属于以劳动者、劳动资料、劳动对象及其优化组合的质变作为新质生产力基本内涵的研究路径. 
\citep{苗成林2024长三角新质生产力时空演变及障碍因子识别}

bibtex
复制
编辑
@article{苗成林2024长三角新质生产力时空演变及障碍因子识别,
  author    = {苗成林 and 张傲翔 and 李国庆},
  title     = {长三角新质生产力时空演变及障碍因子识别},
  journal   = {长江流域资源与环境},
  year      = {2024},
  note      = {网络首发},
  url       = {https://link.cnki.net/urlid/42.1320.X.20241021.1301.002},
  language  = {Chinese}
}
您说：
中国省域新质生产力水平评价、空间格局及其演化特征_李光勤-1.pdf
PDF
ChatGPT 说：
该文《中国省域新质生产力水平评价、空间格局及其演化特征》在构建指标体系时, 明确提出新质生产力“是在当代科技进步条件下, 以创新为主导, 以人工智能、数据要素为核心, 以战略性新兴产业和未来产业为载体, 以劳动者、劳动资料、劳动对象及其优化组合的跃升为基本内涵”, 并分别从新质劳动者、新质劳动资料、新质劳动对象三要素出发设置指标, 体现出马克思主义政治经济学三要素结构理论的系统继承, 因此属于以劳动者、劳动资料、劳动对象及其优化组合的质变作为新质生产力基本内涵的研究路径. 
\citep{李光勤2024中国省域新质生产力水平评价、空间格局及其演化特征}

bibtex
复制
编辑
@article{李光勤2024中国省域新质生产力水平评价、空间格局及其演化特征,
  author    = {李光勤 and 李梦娇},
  title     = {中国省域新质生产力水平评价、空间格局及其演化特征},
  journal   = {经济地理},
  year      = {2024},
  volume    = {44},
  number    = {8},
  pages     = {116--125},
  doi       = {10.15957/j.cnki.jjdl.2024.08.014},
  language  = {Chinese}
}
您说：
中国市域新质生产力：时序演变、组群特征与发展策略_傅联英-1.pdf
PDF
ChatGPT 说：
该文《中国市域新质生产力：时序演变、组群特征与发展策略》明确提出“新质生产力以劳动者、劳动资料、劳动对象及其优化组合的跃升为基本内涵”, 并在此基础上构建“三高三化三性”指标体系, 其中高质量、高科技、高效能对应劳动三要素的跃升路径. 因此, 该文根植于马克思主义政治经济学三要素结构逻辑, 属于以劳动者、劳动资料、劳动对象及其优化组合的质变作为新质生产力基本内涵的研究路径. 
\citep{傅联英2024中国市域新质生产力：时序演变、组群特征与发展策略}

bibtex
复制
编辑
@article{傅联英2024中国市域新质生产力：时序演变、组群特征与发展策略,
  author    = {傅联英 and 蔡煜},
  title     = {中国市域新质生产力：时序演变、组群特征与发展策略},
  journal   = {产业经济评论},
  year      = {2024},
  number    = {4},
  pages     = {5--22},
  doi       = {10.19313/j.cnki.cn10-1223/f.20240428.001},
  language  = {Chinese}
}
您说：
中国新质生产力：区域差距、动态演进与跃迁趋势_胡佳霖.pdf
PDF
ChatGPT 说：
该文《中国新质生产力：区域差距、动态演进与跃迁趋势》在构建评价指标体系时, 并未采用“劳动者—劳动资料—劳动对象”三要素的马克思主义结构逻辑作为出发点, 而是从新质生产力的“三高三化”表现特征出发, 设置了“高科技、高效能、高质量”三个一级指标, 进一步细化为绿色技术创新、产业数字化、战略性新兴产业增加值等表现性指标, 聚焦其现代产业与技术特征. 因此, 该文属于从新质生产力的表现特征来界定与测度新质生产力发展水平的研究路径. 
\citep{胡佳霖2024中国新质生产力：区域差距、动态演进与跃迁趋势}

bibtex
复制
编辑
@article{胡佳霖2024中国新质生产力：区域差距、动态演进与跃迁趋势,
  author    = {胡佳霖 and 徐俊},
  title     = {中国新质生产力：区域差距、动态演进与跃迁趋势},
  journal   = {统计与决策},
  year      = {2024},
  number    = {21},
  pages     = {5--16},
  doi       = {10.13546/j.cnki.tjyjc.2024.21.001},
  language  = {Chinese}
}
您说：
中国新质生产力的发展水平和演进趋势_高怡冰-1.pdf
PDF
ChatGPT 说：
该文《中国新质生产力的发展水平和演进趋势》在指标体系构建中明确提出新质生产力“以劳动者、劳动资料、劳动对象及其优化组合的跃升”为基本内涵, 依据马克思主义生产力理论设定“创新生产力、要素生产力、数字生产力、产业生产力、绿色生产力”五大维度, 其中“要素生产力”核心即体现三要素的协同跃升与整合优化, 因此属于以劳动者、劳动资料、劳动对象及其优化组合的质变作为新质生产力基本内涵的研究路径. 
\citep{高怡冰2024中国新质生产力的发展水平和演进趋势}

bibtex
复制
编辑
@article{高怡冰2024中国新质生产力的发展水平和演进趋势,
  author    = {高怡冰 and 任沛阳 and 陈钰鑫},
  title     = {中国新质生产力的发展水平和演进趋势},
  journal   = {科技管理研究},
  year      = {2024},
  number    = {14},
  pages     = {47--58},
  doi       = {10.3969/j.issn.1000-7695.2024.14.005},
  language  = {Chinese}
}
您说：
中国新质生产力发展的水平测度与区域差异研究_颜克高.pdf
PDF
ChatGPT 说：
该文《中国新质生产力发展的水平测度与区域差异研究》明确提出以马克思主义政治经济学为基础, 采用“劳动者、劳动资料、劳动对象”三要素统合为“新质劳动力、新质生产资料、新质科学技术”三个维度, 构建新质生产力发展测度指标体系, 并指出科学技术是推动三要素质变和组合优化的核心动力, 因此属于以劳动者、劳动资料、劳动对象及其优化组合的质变作为新质生产力基本内涵的研究路径. 
\citep{颜克高2025中国新质生产力发展的水平测度与区域差异研究}

bibtex
复制
编辑
@article{颜克高2025中国新质生产力发展的水平测度与区域差异研究,
  author    = {颜克高 and 王馨悦 and 吴心怡},
  title     = {中国新质生产力发展的水平测度与区域差异研究},
  journal   = {湖南大学学报(社会科学版)},
  year      = {2025},
  volume    = {39},
  number    = {1},
  pages     = {10--21},
  doi       = {10.16339/j.cnki.hdxbskb.2025.01.002},
  language  = {Chinese}
}
您说：
中国新质生产力发展水平测度、动态演化与驱动因素研究_彭桥.pdf
PDF
ChatGPT 说：
该文《中国新质生产力发展水平测度、动态演化与驱动因素研究》明确指出, 相较于多数研究从“劳动者、劳动资料、劳动对象”的三要素出发构建指标体系, 该文则直接从新质生产力的三大表现特征——高科技、高效能、高质量构建指标体系, 并据此进行空间动态演化分析与障碍因子识别. 因此, 该文属于从新质生产力的表现特征来界定与测度新质生产力发展水平的研究路径. 
\citep{彭桥2024中国新质生产力发展水平测度、动态演化与驱动因素研究}

bibtex
复制
编辑
@article{彭桥2024中国新质生产力发展水平测度、动态演化与驱动因素研究,
  author    = {彭桥 and 肖尧 and 杨宇茜 and 杨沛瑾},
  title     = {中国新质生产力发展水平测度、动态演化与驱动因素研究},
  journal   = {软科学},
  year      = {2024},
  note      = {网络首发},
  url       = {https://link.cnki.net/urlid/51.1268.g3.20241125.1056.010},
  language  = {Chinese}
}
该文《中国新质生产力发展水平测度、区域差距及动态规律》明确提出新质生产力是以“劳动者、劳动资料、劳动对象及其优化组合的跃升”为基本内涵, 指标体系严格按照“新质人才资源、新质科学技术、新质产业形态、新质生产方式”四个维度构建, 分别对应三要素及其路径要素, 整体根植于马克思主义政治经济学生产力三要素结构, 因而属于以劳动者、劳动资料、劳动对象及其优化组合的质变作为新质生产力基本内涵的研究路径. 
\citep{吴继飞2024中国新质生产力发展水平测度、区域差距及动态规律}

bibtex
复制
编辑
@article{吴继飞2024中国新质生产力发展水平测度、区域差距及动态规律,
  author    = {吴继飞 and 万晓榆},
  title     = {中国新质生产力发展水平测度、区域差距及动态规律},
  journal   = {技术经济},
  year      = {2024},
  volume    = {43},
  number    = {4},
  pages     = {1--14},
  doi       = {10.12404/j.issn.1002-980X.J23090302},
  language  = {Chinese}
}
您说：
中国新质生产力发展水平的统计测度及动态演进_胡欢欢-1.pdf
PDF
ChatGPT 说：
该文《中国新质生产力发展水平的统计测度及动态演进》基于“新技术、新经济、新业态”三个维度构建指标体系, 分别对应技术、经济、产业的表现特征, 突出数字化、绿色化、高质量增长等内容, 未采用“劳动者—劳动资料—劳动对象”三要素的理论结构进行指标分类, 因此属于从新质生产力的表现特征来界定与测度新质生产力发展水平的研究路径. 
\citep{胡欢欢2024中国新质生产力发展水平的统计测度及动态演进}

bibtex
复制
编辑
@article{胡欢欢2024中国新质生产力发展水平的统计测度及动态演进,
  author    = {胡欢欢 and 刘传明},
  title     = {中国新质生产力发展水平的统计测度及动态演进},
  journal   = {统计与决策},
  year      = {2024},
  number    = {14},
  pages     = {5--14},
  doi       = {10.13546/j.cnki.tjyjc.2024.14.001},
  language  = {Chinese}
}
您说：
中国新质生产力发展水平区域评价与空间关联网络特征_马大晋.pdf
PDF
ChatGPT 说：
该文《中国新质生产力发展水平区域评价与空间关联网络特征》在理论部分明确指出新质生产力是由“劳动者、劳动资料、劳动对象及其优化组合的跃升”构成, 并据此构建了包含“劳动者效率、劳动者素质与精神”“新质产业与绿色发展”“能源设施、科技支撑与数字化能力”等三级指标的评价体系, 体现出以马克思主义生产力三要素为逻辑基础的系统建构, 因此属于以劳动者、劳动资料、劳动对象及其优化组合的质变作为新质生产力基本内涵的研究路径. 
\citep{马大晋2025中国新质生产力发展水平区域评价与空间关联网络特征}

bibtex
复制
编辑
@article{马大晋2025中国新质生产力发展水平区域评价与空间关联网络特征,
  author    = {马大晋 and 吴旭辉 and 张博文},
  title     = {中国新质生产力发展水平区域评价与空间关联网络特征},
  journal   = {财经论丛},
  year      = {2025},
  pages     = {1--14},
  doi       = {10.13762/j.cnki.cjlc.20250103.001},
  url       = {https://doi.org/10.13762/j.cnki.cjlc.20250103.001},
  language  = {Chinese}
}
您说：
中国新质生产力空间关联网络结构时空演化特征及驱动因素_吉雪强.pdf
PDF
ChatGPT 说：
该文《中国新质生产力空间关联网络结构时空演化特征及驱动因素》在构建指标体系时, 未采用“劳动者—劳动资料—劳动对象”三要素的马克思主义生产力结构逻辑, 而是基于新质生产力的外在表现特征, 从科技生产力、绿色生产力与数字生产力三大维度展开, 并采用熵权-TOPSIS法、DEA模型与社会网络分析进行测度和结构分析, 突出空间结构特征及其演化特征. 因此, 该文属于从新质生产力的表现特征来界定与测度新质生产力发展水平的研究路径. 
\citep{吉雪强2025中国新质生产力空间关联网络结构时空演化特征及驱动因素}

bibtex
复制
编辑
@article{吉雪强2025中国新质生产力空间关联网络结构时空演化特征及驱动因素,
  author    = {吉雪强 and 张壮 and 李卓群 and 张跃松},
  title     = {中国新质生产力空间关联网络结构时空演化特征及驱动因素},
  journal   = {资源科学},
  year      = {2025},
  volume    = {47},
  number    = {2},
  pages     = {373--388},
  doi       = {10.18402/resci.2025.02.12},
  language  = {Chinese}
}
您说：
中国新质生产力区域发展差异与经济增长新势能_杨红瑞-1.pdf
PDF
ChatGPT 说：
该文《中国新质生产力区域发展差异与经济增长新势能》在指标体系构建中明确指出新质生产力“依然包括劳动者、劳动对象和劳动资料三要素”, 并分别设置新质劳动力、新质劳动对象与新质劳动资料三类指标, 强调三要素的结构跃升、创新整合与内在驱动力, 系统继承了马克思主义政治经济学关于生产力三要素的理论结构. 因此, 该文属于以劳动者、劳动资料、劳动对象及其优化组合的质变作为新质生产力基本内涵的研究路径. 
\citep{杨红瑞2024中国新质生产力区域发展差异与经济增长新势能}

bibtex
复制
编辑
@article{杨红瑞2024中国新质生产力区域发展差异与经济增长新势能,
  author    = {杨红瑞 and 郑林昌},
  title     = {中国新质生产力区域发展差异与经济增长新势能},
  journal   = {西南民族大学学报(人文社会科学版)},
  year      = {2024},
  number    = {10},
  pages     = {89--99},
  language  = {Chinese}
}
您说：
中国新质生产力水平测度及省际现状的比较分析_简新华.pdf
PDF
ChatGPT 说：
该文《中国新质生产力水平测度及省际现状的比较分析》以马克思主义生产力“四要素论”为理论依据, 明确提出将高新科学技术作为与劳动者、劳动资料、劳动对象并列的第四个独立要素, 构建了包含“高新科学技术、高素质劳动力、新型高品质生产资料(劳动资料与劳动对象)、绿色化”四大维度的评价指标体系, 体现了对新质生产力构成要素的深层次系统化建构. 因此, 该文属于以劳动者、劳动资料、劳动对象及其优化组合的质变作为新质生产力基本内涵的研究路径. 
\citep{简新华2024中国新质生产力水平测度及省际现状的比较分析}

bibtex
复制
编辑
@article{简新华2024中国新质生产力水平测度及省际现状的比较分析,
  author    = {简新华 and 聂长飞},
  title     = {中国新质生产力水平测度及省际现状的比较分析},
  journal   = {经济问题探索},
  year      = {2024},
  number    = {10},
  pages     = {3--20},
  language  = {Chinese}
}





您说：
中国新质生产力水平差异审视_来源分解与形成机理_黄涛.pdf
PDF
ChatGPT 说：
该文《中国新质生产力水平差异审视：来源分解与形成机理》以马克思主义政治经济学为理论基础, 构建了基于DPSIR模型的五维度指标体系, 其中“状态”维度明确由“劳动者、劳动资料、劳动对象”三大要素组成, 并强调新质生产力是对传统生产力三要素的提质与扩容. 整套指标体系紧密围绕三要素的结构跃升与因果关系展开, 因而属于以劳动者、劳动资料、劳动对象及其优化组合的质变作为新质生产力基本内涵的研究路径. 
\citep{黄涛2025中国新质生产力水平差异审视：来源分解与形成机理}

bibtex
复制
编辑
@article{黄涛2025中国新质生产力水平差异审视：来源分解与形成机理,
  author    = {黄涛 and 袁晓玲 and 李朝鹏},
  title     = {中国新质生产力水平差异审视：来源分解与形成机理},
  journal   = {科技进步与对策},
  year      = {2025},
  note      = {网络首发},
  url       = {https://link.cnki.net/urlid/42.1224.G3.20250122.1605.018},
  language  = {Chinese}
}





您说：
中国新质生产力指数：理论依据与评价分析_叶振宇-1.pdf
PDF
ChatGPT 说：
该文《中国新质生产力指数：理论依据与评价分析》在构建评价指标体系时, 明确以“劳动者、劳动资料、劳动对象及其优化组合的跃升”为基本内涵, 并设置“技术革命性突破、生产要素创新性配置、产业深度转型升级”三个一级指标, 系统体现马克思主义生产力三要素及其组合优化逻辑, 整体理论基础清晰, 实证路径明确. 因此, 该文属于以劳动者、劳动资料、劳动对象及其优化组合的质变作为新质生产力基本内涵的研究路径. 
\citep{叶振宇2024中国新质生产力指数：理论依据与评价分析}

bibtex
复制
编辑
@article{叶振宇2024中国新质生产力指数：理论依据与评价分析,
  author    = {叶振宇 and 徐鹏程},
  title     = {中国新质生产力指数：理论依据与评价分析},
  journal   = {兰州大学学报(社会科学版)},
  year      = {2024},
  volume    = {52},
  number    = {3},
  pages     = {23--35},
  doi       = {10.13885/j.issn.1000-2804.2024.03.003},
  language  = {Chinese}
}





@article{ataeiOrdinalPriorityApproach2020,
  title = {Ordinal {{Priority Approach}} ({{OPA}}) in {{Multiple Attribute Decision-Making}}},
  author = {Ataei, Younes and Mahmoudi, Amin and Feylizadeh, Mohammad Reza and Li, Deng-Feng},
  year = {2020},
  month = jan,
  journal = {APPLIED SOFT COMPUTING},
  volume = {86},
  issn = {1568-4946},
  doi = {10.1016/j.asoc.2019.105893},
  abstract = {The current study aims to present a new method called Ordinal Priority Approach (OPA) in Multiple Attribute Decision-Making (MADM). This method can be used in individual or group decision-making (GDM). In the case of GDM, through this method, we first determine the experts and their priorities. The priority of experts may be determined based on their experience and/or knowledge. After prioritization of the experts, the attributes are prioritized by each expert. Meanwhile, each expert ranks the alternatives based on each attribute, and the sub-attributes if any. Ultimately, by solving the presented linear programming model of this method, the weights of the attributes, alternatives, experts, and sub-attributes would be obtained simultaneously. A significant advantage of the proposed method is that it does not make use of pairwise comparison matrix, decision-making matrix (no need for numerical input), normalization methods, averaging methods for aggregating the opinions of experts (in GDM) and linguistic variables. Another advantage of this method is the possibility for experts to only comment on the attributes and alternatives for which they have sufficient knowledge and experience. The validity of the proposed model has been evaluated using several group and individual instances. Finally, the proposed method has been compared with other methods such as AHP, BWM, TOPSIS, VIKOR, PROMETHEE and QUALIFLEX. Based on comparisons among the weights and ranks using Spearman and Pearson correlation coefficients, the proposed method has an applicable performance compared with other methods. (C) 2019 Elsevier B.V. All rights reserved.},
  lccn = {2},
  keywords = {/unread}
}
